<?xml version="1.0" encoding="UTF-8"?><collection xmlns="http://www.loc.gov/MARC21/slim"><record><leader>00568nam--2200181-i-4500</leader><controlfield tag="001">000030326</controlfield><controlfield tag="002">20161230</controlfield><controlfield tag="005">20161230201038</controlfield><controlfield tag="008">060222s1000------------r-----000-0-rus-d</controlfield><datafield ind1=" " ind2=" " tag="040"><subfield code="a">IFIN-HH</subfield></datafield><datafield ind1=" " ind2=" " tag="041"><subfield code="a">rus</subfield></datafield><datafield ind1=" " ind2=" " tag="080"><subfield code="a">539.22</subfield></datafield><datafield ind1="1" ind2=" " tag="100"><subfield code="a">Ligeon, Mireille</subfield></datafield><datafield ind1="1" ind2="0" tag="245"><subfield code="a">Application de l`anisotropie magnetocristalline a l`orientation de grenats fe-y par resonance en modulation de frequence</subfield><subfield code="b">These</subfield><subfield code="c">Mireille ligeon</subfield></datafield><datafield ind1=" " ind2=" " tag="260"><subfield code="a">Grenoble</subfield><subfield code="b">Faculte Des Sciences De L`Universite</subfield><subfield code="c">1964</subfield></datafield><datafield ind1=" " ind2=" " tag="300"><subfield code="a">V+48P</subfield></datafield><datafield ind1=" " ind2=" " tag="852"><subfield code="a">22858</subfield><subfield code="c">539.2</subfield></datafield><datafield ind1=" " ind2=" " tag="CAT"><subfield code="a">Sys</subfield><subfield code="c">20121012</subfield><subfield code="h">114347</subfield></datafield></record></collection>